1531 2793
134 73 754 153 BATTALJANO
798 95 1179 159 MEDICO.
1237 112 1366 177 -195

8 208 217 272 Principio
238 208 395 254 mirata
418 204 481 252 fui
502 219 623 252 :tum
647 219 830 268 propter
855 204 1074 263 odorem,

139 277 322 336 (Fortis
338 276 456 322 euim
469 278 514 322 δε
531 273 785 326 vehemens,
799 287 931 337 atque
941 281 1118 321 Fermm
1137 289 1229 326 erat
1244 277 1289 342 :)

7 350 127 395 Tum
147 357 329 408 propter
350 343 508 407 spiram
530 343 666 388 toties
695 358 748 387 ex
774 343 895 388 caule
915 357 1129 390 retortam
1143 363 1158 389 .-

152 411 345 478 Qalem
373 413 618 457 incantatus
631 406 863 457 Thessalus
885 414 1041 477 anguis
1064 411 1211 463 habet.

5 478 363 544 Dicebamzquid
385 494 479 524 non
506 476 756 524 labentibus
796 481 965 526 invenit
996 483 1124 528 annis

117 551 281 613 Longa
302 546 421 594 dies?
439 544 583 591 Prosit
605 546 703 591 talis
720 551 764 593 ὁ(
779 545 912 594 herba
935 547 1046 594 mihi
1063 551 1079 601 !¹

2 613 285 678 Admovi'que
304 630 490 660 manum
504 612 767 679 :subitoque
788 614 976 662 horrore
999 613 1170 681 refixgi:

140 687 306 731 Donec
338 681 569 729 fumosum
581 686 739 729 Benno
765 684 921 747 praevit
943 684 1039 735 iter,

0 753 188 815 Sic,quae
209 750 416 798 conditio
430 765 564 798 vetus
583 750 643 798 est
664 751 916 799 miserabilis
926 755 1061 802 Evae:

32 815 53 820 “
127 821 328 866 Feminea
353 820 488 866 nocui
514 817 774 866 mobilitate
790 819 916 867 mihi.

0 885 142 937 fistula
167 889 399 952 corripitur
413 886 700 952 {Brafiloque
721 887 880 936 infesta
904 902 1097 942 veneno,

139 955 377 1022 Qpatet
397 957 443 1003 in
477 957 668 1022 longum
690 956 858 1021 proluit
881 972 961 1004 ora
983 956 1156 1016 tubus..

0 1022 178 1089 Ptirsque
199 1025 549 1088 lupinatiS,pars,
568 1041 645 1070 ceu
670 1041 802 1089 grave
824 1025 961 1071 limen
995 1029 1202 1074 Avernus

125 1092 352 1146 Panderet,
365 1089 543 1138 offensis
560 1091 740 1138 naribus
765 1094 825 1139 ire
852 1091 988 1139 foras.

0 1162 194 1225 Protinus
215 1159 390 1207 insolita
415 1159 600 1224 caligine
625 1159 828 1207 turbidus
843 1166 916 1207 aer

129 1227 322 1276 AEstuat:
347 1228 529 1274 insolito
554 1226 871 1295 turbor&ip·sa
891 1242 1027 1274 metu.

0 1299 101 1344 Mox,
116 1299 292 1360 vertigo
316 1297 725 1360 quatiamurantur
754 1297 798 1340 in
820 1310 900 1340 ore
932 1295 1107 1344 colores

141 1362 347 1430 Egeiifius
360 1362 493 1409 sudor
515 1362 717 1408 membra
740 1379 815 1426 per
838 1378 957 1428 aegra
972 1362 1085 1412 fluit.

0 1433 207 1478 Attonitae
228 1429 396 1485 fimilis,
416 1429 554 1477 veluti
579 1430 709 1498 jovis
734 1430 911 1495 ignibus
940 1431 1039 1482 ista,

148 1501 290 1546 Dicor
311 1500 356 1543 in
386 1496 578 1544 obscuro
595 1494 876 1560 procubuisse
898 1497 1010 1544 solo:

0 1569 143 1615 Torva
169 1582 315 1620 tuens,
328 1564 532 1630 adaperta
562 1563 721 1618 sinum,
737 1566 918 1630 dispersa
943 1566 1145 1630 capillos,

123 1630 253 1682 Sciffa
281 1650 429 1699 genas,
445 1634 594 1697 pestus
607 1633 747 1688 tunsa,
766 1634 908 1682 soluta
929 1636 1078 1699 pedes.

0 1700 146 1770 Qlis
170 1702 225 1750 ab
251 1702 413 1759 Ismarii
440 1700 672 1748 decurrens
693 1704 854 1750 vertice
879 1704 1066 1758 montis,

134 1770 237 1818 Post
249 1769 424 1834 thyasos
439 1770 616 1815 Moenas
643 1769 836 1834 denique
864 1767 963 1817 laffa
987 1773 1116 1821 cadit.

0 1839 140 1885 Benno
171 1855 279 1903 puer
299 1836 408 1884 risit:
424 1852 549 1884 notae
570 1836 732 1885 flevere
757 1839 948 1893 sodales.

112 1910 186 1954 Me
211 1906 418 1972 quaedam
445 1907 633 1952 comites
660 1905 882 1953 deseruere
907 1924 1031 1954 meae.

0 1975 62 2020 I'u
83 1973 528 2039 quoquejamsolles
559 1974 701 2021 altum
726 1971 902 2022 fortasse
925 1976 1206 2034 cachinnum,

136 2039 336 2091 Successu
361 2041 467 2089 tristi
491 2042 615 2088 laetus
630 2056 646 2090 t
661 2056 709 2089 ut
735 2039 818 2090 effe
841 2058 982 2108 potes.

0 2117 52 2157 ΙΙ.
70 2111 141 2158 Ad
168 2109 606 2174 mecumvredimuae
632 2115 784 2157 non&
809 2112 954 2175 qualia
970 2112 1083 2160 dixi!

140 2182 258 2233 Heu,
271 2178 432 2243 quibus
449 2183 493 2225 δε
511 2181 687 2240 quantis
704 2176 943 2227 vociferata
968 2181 1117 2226 modis
1135 2184 1145 2226 !

0 2241 77 2289 Ah!
101 2242 270 2310 petest,
288 2245 481 2310 quisquis
505 2245 706 2293 furialem
728 2248 841 2293 hanc
861 2251 1049 2312 repperit
1073 2245 1272 2306 herbam,

136 2318 360 2382 Qatuor
383 2313 543 2360 insanis
574 2332 650 2378 per
673 2316 774 2381 iuga
800 2317 961 2362 trastus
987 2319 1124 2379 equis.

0 2378 205 2428 invadant
231 2380 358 2428 illum
382 2381 530 2428 morbi
553 2399 656 2428 cum
683 2383 906 2430 vermibus
939 2402 1128 2431 omnes:

128 2446 356 2513 Nullrique
384 2448 615 2497 tabentem
638 2449 831 2498 febribus
859 2452 994 2500 herba
1019 2455 1154 2511 juvet.

711 2523 756 2565 N
793 2537 811 2573 3
1221 2522 1326 2570 Hoc
