1531 2815
137 122 210 178 32
304 106 612 163 PHJSCO
657 105 1096 168 MATHEM.
1118 108 1462 171 VRANJvfi

137 225 352 272 Praeterea
373 219 582 266 donanda
596 217 675 264 tibi
704 217 888 265 debetur
906 227 1066 282 Imago·

302 289 449 335 Prima
460 288 642 351 quidem
666 284 814 341 facies,
819 287 974 341 lurida,
979 306 1130 342 curua,
1136 289 1298 339 minax.

144 361 190 408 si
215 356 341 425 plebs
371 359 548 423 aipiciat
573 355 694 402 rudis
719 369 853 419 atque
876 360 1052 423 ignara
1072 358 1302 408 Medusam

304 427 553 492 Anguineis
576 425 765 471 cinstam
795 426 988 473 crinibus
1012 422 1097 472 esse
1122 442 1263 491 putet.

143 494 332 544 Admov
324 511 408 542 eas
433 493 619 541 oculum
640 494 825 556 pundo.
852 494 1060 558 {pediabis
1079 494 1278 543 Adonin.
1326 489 1331 493 ⁴

284 566 390 611 Acis
415 565 511 617 erit,
530 562 870 625 SponsuS,Siceli
890 562 1117 627 Nympha,
1131 578 1255 612 tuuS.

144 636 222 683 Me
245 649 305 678 m:
300 631 469 677 ·!serum
487 630 641 677 nostro
665 646 786 681 nova
809 630 839 677 si
857 634 1039 678 Galatea
1074 635 1272 681 moveris

288 700 634 763 Nequidquam
626 700 836 765 ingenio,
860 697 1145 763 difficilisque
1165 717 1333 747 manes.

200 770 275 817 uid
289 769 476 831 Pquod
467 786 515 814 in
537 767 754 815 abstrusos
780 786 928 816 rerum
950 767 1127 815 fimula
1134 785 1179 815 ia
1201 764 1384 819 recessus

285 837 474 884 Adriaco
508 835 697 883 fundam
723 835 1047 914 qualiacunque
1071 835 1183 884 tubo.

146 906 307 953 Plenus
319 903 521 952 fusilibus
548 903 707 951 formis
728 908 989 952 immittitur
1012 910 1112 952 a'e'r:
1177 915 1181 918 ”

289 978 392 1042 Qa
417 972 646 1022 cerebrum
670 975 811 1020 nostu
823 974 1071 1038 Morpheus
1102 988 1195 1021 arte
1217 972 1344 1021 subit.

139 1045 351 1091 Protinus
372 1042 606 1106 antipodes
630 1058 774 1088 nanos
797 1041 969 1097 objecta
993 1056 1185 1106 papyrus

287 1114 468 1174 Excipit.
493 1111 663 1157 eiestos
687 1110 826 1158 altera
850 1110 1001 1158 charta
1033 1108 1177 1158 refert.

146 1182 249 1228 Heu
269 1179 398 1225 mihi.
419 1177 555 1256 quod·
586 1195 727 1225 nanus
762 1181 1000 1241 quoquese
1029 1178 1324 1242 penetraverit
1344 1191 1454 1233 una,

287 1251 423 1295 Certa
446 1249 580 1293 nimis
601 1245 750 1310 figens
773 1245 861 1292 tela
880 1246 1064 1310 Cupido
1081 1264 1203 1309 puer

144 1315 422 1381 Improvisus
448 1317 569 1362 enim
595 1317 747 1361 tacitas
770 1315 1010 1362 immiscuit
1031 1314 1146 1360 alas:

285 1389 342 1431 Et
363 1401 483 1431 nunc
507 1386 553 1428 in
575 1398 721 1429 vacuo
745 1383 924 1445 pestorc
946 1398 1098 1449 regnat
1110 1387 1276 1433 Amor

143 1452 392 1513 Adijcimus
409 1451 639 1514 speculum,
645 1449 772 1513 quod
794 1467 882 1496 nos
908 1451 1207 1498 conflavirnus
1235 1445 1325 1514 ipfi.

99 1567 101 1569 ,
279 1524 366 1567 Vix
390 1519 478 1565 hoc
501 1516 723 1582 crystallus
752 1517 911 1564 clarior
934 1513 1018 1565 effe
1042 1517 1205 1583 potest,

141 1588 285 1645 Utile,
290 1605 393 1635 cum
409 1590 587 1652 Libyco
610 1585 852 1652 distingues
864 1588 1033 1651 pestine
1054 1589 1222 1634 crines:

281 1661 377 1703 Aut
394 1660 572 1721 quoties
584 1654 781 1702 formam
796 1656 1031 1720 conciligre
1053 1657 1196 1719 cupis.

138 1725 334 1791 Insuper,
349 1725 610 1789 oppositum
623 1725 732 1778 Soli,
746 1739 820 1770 me
841 1723 940 1771 luce
962 1721 1126 1772 reflexa

291 1793 496 1843 Exhibet.
509 1793 693 1859 ingenio
709 1792 822 1839 disce
844 1790 992 1841 favere
1010 1807 1132 1838 meo.

140 1866 245 1912 Hoc
274 1865 427 1929 igitur,
445 1863 589 1909 donec
611 1858 794 1908 firment
808 1860 1033 1908 connubia
1046 1858 1190 1912 taedae‚

277 1931 550 1998 Perpetuum
571 1928 709 1979 nostri
722 1933 886 1996 pignus
910 1932 1079 1978 amoris
1103 1926 1230 1977 habe.

551 2074 1102 2219 ffe{ff*e{

1166 2423 1514 2578 VRA.⁴
