1531 2815
448 108 1002 167 VRANteAE
1285 114 1378 189 183

10 224 87 273 Me
105 235 202 269 non
224 234 338 268 vana
360 219 505 285 loqui,
521 224 692 267 sanatus
715 235 897 267 munere
916 218 1075 268 nostro

162 287 331 347 Parisiis
351 288 494 336 senior
508 284 585 336 scis
613 287 866 352 Barabafflar
886 305 1035 352 eques.

17 356 95 406 Ille
117 358 301 423 quidem
326 359 510 423 proprio
536 358 664 423 digiti
688 375 772 404 nos
801 357 947 404 induit
969 371 1101 408 auro·

175 426 383 473 Annulus
402 426 463 474 est
481 424 586 473 fidei
599 425 718 473 testis
748 426 935 492 opisque
959 442 1088 474 meae.

13 494 164 544 Crede
191 495 332 550 mihi,
347 495 560 544 Ulmum
580 514 591 541 ε
615 493 698 542 tibi
722 512 858 559 quem
882 496 1109 542 donamus
1136 491 1315 549 habere,

170 562 359 610 Fulserat
380 565 426 610 in
449 565 603 630 magni
628 563 790 629 pollice
802 565 941 630 Regis
956 566 1110 628 Onyx.

14 633 64 676 Ο
87 645 130 680 te
144 630 345 686 felicem,
367 631 399 679 fi
414 649 489 679 me
515 630 639 697 prius
668 632 758 698 ipsa
782 631 965 680 beatum

182 701 364 748 Feceris.
389 701 570 750 alterius
590 701 753 765 pendet
778 701 834 748 ab
855 700 963 748 alter
987 713 1090 765 ope.

21 782 77 819 n.
88 774 186 816 Dat
207 769 399 815 Galenus·
416 782 514 835 opes.
530 783 659 821 vetus
672 776 717 818 δε
730 786 822 819 vox
835 767 1012 835 publica
1033 766 1159 834 vulgi
1184 765 1258 815 est.

180 833 285 885 Effit'
301 838 584 894 ratam,denis
602 840 759 886 Secula
778 838 904 904 plura
919 835 1133 901 probant.

17 903 186 953 Nullus
204 908 337 972 inops
359 909 502 972 periit,
519 908 714 955 nostram
737 909 814 972 qui
837 905 989 953 calluit
1009 919 1167 952 artem.

173 976 219 1020 Si
247 977 393 1039 periit,
407 975 543 1023 nostri
574 974 701 1029 desiit
726 972 812 1022 esse
836 974 951 1022 forie

21 1040 266 1108 Indignus,
281 1046 352 1090 cui
365 1047 589 1109 Pergamei
617 1045 694 1091 lux
717 1042 885 1090 fulserit
900 1041 1023 1088 astri:

173 1113 460 1174 Hippocratis
482 1128 716 1176 nunquam
738 1111 847 1158 sedit
869 1112 916 1156 in
944 1126 1024 1158 ore
1050 1105 1203 1161 favus.

24 1177 245 1226 Curandis
267 1180 453 1226 lustrum
479 1184 554 1228 vix
579 1197 723 1227 unum
749 1176 1063 1242 insumpsimus
1089 1178 1243 1242 aegris:

181 1250 396 1316 anue
418 1265 496 1312 per
520 1254 786 1294 Autumnos
810 1262 912 1309 quae
930 1245 1044 1291 mihi
1066 1260 1207 1308 poma
1233 1242 1362 1296 data!

28 1317 246 1382 Qaliain
260 1316 552 1381 Hesperidum
576 1329 888 1362 memorantur
914 1313 1098 1360 erescere
1111 1310 1245 1363 silva:

182 1384 331 1434 Flavet
348 1383 423 1430 ubi
436 1383 581 1430 rutilis
594 1382 729 1430 arbor
751 1398 891 1448 opaca
912 1381 1072 1430 comis.

27 1453 188 1524 Qalia
201 1457 250 1501 ὅ(
269 1452 655 1508 AlcicleS,domito
673 1450 882 1516 decerpta
900 1451 1112 1503 dracone,

183 1522 339 1577 Iniecit
365 1521 909 1585 gremio‚Deianira,tuo.>

29 1591 154 1638 Nam
173 1588 284 1653 quid
307 1586 579 1637 diilimulem
595 1591 610 1635 Ξ
622 1588 723 1635 sunt
747 1586 844 1634 lato
863 1584 1025 1650 praedia
1046 1581 1223 1631 fundo:

173 1658 312 1705 Ridet
339 1658 687 1724 ager:lacrymis
709 1658 838 1704 vinea
858 1656 959 1702 laeta
973 1652 1144 1708 madet,

33 1727 162 1773 Stant
183 1741 331 1773 arces:
350 1733 446 1774 Arx
465 1742 555 1774 una
581 1724 660 1772 fita
680 1724 741 1772 est
762 1727 811 1771 in
834 1725 999 1771 vertice
1023 1722 1177 1770 collis:

193 1794 348 1842 Altera
360 1795 522 1844 vicinae
540 1793 730 1842 flumina
754 1792 912 1840 lambit
939 1808 1079 1856 aquae.

31 1861 149 1913 Villa
172 1864 343 1928 triplex,
359 1866 535 1928 pecoris
566 1862 830 1912 custoszubi
852 1859 1036 1924 Psinque
1048 1854 1276 1920 Pale'sque·

179 1935 312 1999 Qot
345 1933 514 1980 coelum
528 1931 687 1983 stellas,
700 1946 774 1978 tot
794 1944 1084 1978 numeramus
1103 1941 1228 1975 oves.

37 1998 220 2066 Respice
234 1999 671 2066 Causlidicostquos
696 1998 812 2047 sicco
835 2002 882 2046 in
908 1997 1090 2063 pulvere
1113 1995 1284 2060 legum,

208 2074 351 2134 Inque
374 2070 499 2118 mola
510 2069 632 2143 Juris
656 2069 795 2121 versat
825 2082 962 2133 egena
977 2064 1183 2115 Themis,

42 2135 222 2184 Confer
242 2155 321 2186 eos
348 2139 507 2186 nobis.-
531 2155 653 2186 mera
679 2135 987 2184 mendicabula
1011 2134 1147 2181 dices·

199 2207 457 2259 Gaudent‚ss
484 2210 652 2256 miseris
675 2207 872 2272 sportula
897 2220 1029 2267 parva
1052 2201 1195 2250 datur.

45 2270 152 2319 Plus
174 2290 263 2340 ego
289 2276 453 2341 collegi
490 2276 713 2324 trieteride
735 2274 917 2320 callidus
935 2287 1038 2324 una3

187 2343 390 2391 Intulerit
407 2344 578 2392 decima
603 2346 741 2409 quiirn
761 2349 977 2388 Taracona
1002 2334 1097 2386 fibi.

50 2409 477 2477 Perdius&pernox
500 2428 652 2460 tamen
672 2412 748 2458 iste
773 2409 980 2457 senilibus
1008 2410 1152 2460 annis,

194 2478 282 2549 Jus
310 2479 700 2552 immetatum,Jus
714 2478 802 2527 fine
817 2477 906 2525 fine
930 2478 1047 2524 terit.

827 2550 876 2595 M
899 2562 920 2601 5
1267 2538 1391 2606 Qud
