1509 2798
463 100 918 167 VRANleAE,
1262 124 1374 185 219

17 208 276 261 Monstrams
299 207 461 275 digito,
472 211 559 257 toti
580 206 833 256 notissimus
847 207 981 265 urbi,

157 279 334 325 Dicitur
363 278 577 326 excellens
600 291 690 324 arte
714 274 839 325 fuisse
868 295 1057 342 coquus.

16 344 285 411 50Delphicus
302 345 375 394 ille
388 350 535 410 Tripus
555 345 728 392 famosa
750 347 928 403 oracula
955 346 1173 406 fundens,

158 416 453 462 Nonne-Coei
487 413 682 479 primum
712 413 854 461 fistilis
880 415 971 463 olla
992 416 1105 465 fuit?

15 482 174 540 Bullijt,
192 488 238 530 δε
251 483 333 530 {ese
351 479 581 558 paullatim
593 483 729 528 erexit
750 498 877 547 aquae
888 485 969 534 vis.

154 553 301 604 Lenis,
318 553 364 594 δε
384 550 435 595 in
458 547 604 596 fundo
620 550 805 613 Spiritus
818 551 933 615 asper
949 566 1056 599 erat·

14 617 211 668 Tandem
226 585 430 664 fatidicus
448 617 570 664 calor
588 619 832 666 erustavit
821 636 868 666 in
884 635 1024 667 auras.

139 690 252 733 Non
271 684 387 731 nihil
405 685 478 741 est,
492 688 613 753 tangi
636 687 869 752 relligione
889 691 996 734 Foci.

12 758 181 820 Prdquc
194 757 308 800 Facis
327 753 440 800 bene
463 767 554 801 tam
558 772 713 818 ,quam
742 772 827 820 pro
857 753 1108 803 coelestibus
1129 760 1234 808 An'c

143 821 376 868 Gesserunt
400 836 569 871 veteres
597 823 712 870 bella
734 823 924 871 verenda
935 827 1100 871 Duces

11 892 78 952 Dij
105 889 278 937 fucrant
297 888 439 936 olim:
453 890 679 956 junbi‘ique
700 890 938 939 Penatibus
963 892 1124 957 amplis

158 963 215 1004 Et
225 956 428 1012 Laribus,
432 962 602 1006 Fanum
623 958 893 1007 constituere
917 962 1058 1007 suum.
1278 957 1303 982 ⁶

11 1026 193 1096 illorum
217 1043 338 1074 nunc
361 1027 460 1072 sum
484 1026 684 1083 ebusum,
695 1026 925 1092 hodie‘que
939 1028 1151 1076 Sacerdos

159 1095 373 1141 Immolo.
391 1093 552 1160 gallina
574 1094 634 1141 est
655 1097 852 1150 vistima,
866 1095 1042 1162 egdque
1066 1112 1198 1162 popa.

10 1170 50 1210 6
63 1163 328 1226 Displiceam
352 1158 529 1211 fortasse
550 1162 656 1210 tibi·
671 1166 773 1227 quia
798 1164 971 1212 sordida
999 1164 1125 1213 vestis

141 1230 213 1276 Est
238 1230 374 1277 mihi:
393 1247 474 1277 nec
504 1230 582 1276 tali
609 1235 800 1275 mantica
823 1232 957 1296 digna
980 1249 1141 1296 proco.

8 1303 67 1349 At
98 1315 197 1346 non
218 1298 484 1363 spernendus
505 1294 624 1342 festis
649 1296 812 1343 incedo
833 1274 1004 1345 diebus,

151 1370 227 1415 Me
237 1381 426 1430 quoque
450 1379 560 1412 tunc
573 1368 728 1411 Serum
739 1363 901 1413 vellera
922 1383 1033 1431 pexa
1055 1380 1231 1433 tegunt-

6 1436 116 1483 5unt
137 1433 264 1499 longi
286 1433 443 1480 cultri:
461 1432 656 1498 rigidum
677 1432 916 1481 manubria
938 1435 1063 1482 caelat

0 1492 3 1591 t
157 1505 423 1565 Argentum.
451 1499 591 1546 bullis
610 1500 789 1566 cingula
815 1500 902 1547 lata
924 1506 1103 1550 micant.

6 1569 75 1619 Est
88 1569 196 1617 mihi
220 1583 428 1634 praeterea
443 1572 641 1614 Textum
662 1540 878 1623 mirabile,
895 1576 935 1614 T
936 1568 1087 1624 horaz·

0 1594 3 1680 1
143 1635 457 1699 Schmausiaaes
470 1636 630 1682 tulerat
659 1635 768 1700 saepe
780 1651 988 1701 paternus
1014 1654 1141 1690 avus.

0 1706 224 1757 {Scinditur
248 1706 328 1752 hac
351 1704 462 1751 illac.
478 1704 633 1752 medio
654 1704 936 1770 protenditur
958 1704 1117 1758 umbo

140 1774 410 1840 Dependent
438 1774 582 1828 vitrei,
597 1772 742 1820 lucida
764 1771 902 1839 signa,
905 1772 1051 1841 globi.

6 1844 183 1891 Fumida
209 1842 452 1909 gestantem
493 1841 699 1907 praesagia
723 1845 930 1906 protinus
960 1840 1128 1891 afflant.

139 1914 256 1958 Scire
279 1911 433 1958 datur:
434 1925 543 1976 quo
555 1907 607 1956 fit
630 1924 762 1958 coena
784 1924 931 1987 parata
946 1909 1066 1958 loco.

0 1980 181 2028 Certiiis
202 1978 319 2026 haud
348 1979 547 2043 pluviam
571 1979 806 2044 gradiens
796 1994 840 2023 in
863 1979 1014 2026 littore
1034 1981 1192 2029 cornIx

154 2047 341 2102 Iudicat,
359 2061 435 2092 aut
454 2049 556 2093 Euri
579 2045 760 2093 flamina
786 2048 915 2094 Luna
939 2046 1116 2095 rubens.
1156 2100 1171 2117 0

5 2118 68 2162 Sit
85 2119 301 2162 Fortunati
323 2114 518 2161 famoius
532 2114 622 2159 Pile
631 2112 800 2160 {5:1110

155 2186 266 2231 Non
293 2197 466 2231 mutem
478 2182 721 2249 Chlamydis
747 2181 920 2250 Mystica
940 2182 1049 2227 dona
1063 2199 1169 2230 mea.

5 2269 50 2312 7,
79 2255 344 2319 chnque
369 2251 578 2303 induitur,
585 2254 718 2316 gratis
742 2249 978 2314 epulatur(
968 2266 1167 2317 inempta

155 2324 304 2382 Atque
326 2319 463 2364 aliena
478 2294 614 2385 gulaeo
618 2317 782 2384 gratius
805 2316 898 2364 offa
922 2317 1043 2381 sapit.

5 2385 89 2435 Sed
115 2403 259 2448 neque
289 2402 518 2449 propterea
534 2389 719 2434 velcenti
743 2388 935 2432 irascitur
963 2384 1108 2434 ullus:

136 2458 234 2505 Nec
257 2453 365 2505 dicit
392 2469 540 2508 torve·
563 2455 669 2523 quta'
675 2452 827 2522 paras
805 2467 862 2503 te
868 2454 1015 2519 fims
1260 2524 1276 2565 1

1283 2535 1327 2564 u.
